@inbook{subclu,
  author = {Kailing, Karin and Kriegel, Hans-Peter  and Kröger, Peer},
  title = {Density-Connected Subspace Clustering for High-Dimensional Data},
  booktitle = {Proceedings of the 2004 SIAM International Conference on Data Mining (SDM)},
  chapter = {},
  pages = {246--256},
  year={2004},
  doi = {10.1137/1.9781611972740.23},
  URL = {https://epubs.siam.org/doi/abs/10.1137/1.9781611972740.23},
  eprint = {https://epubs.siam.org/doi/pdf/10.1137/1.9781611972740.23}
}
@InProceedings{fires,
  author={Kriegel, H.-P. and Kroger, P. and Renz, M. and Wurst, S.},
  booktitle = {Proceedings. Fifth IEEE International Conference on Data Mining},
  title = {A Generic Framework for Efficient Subspace Clustering of High-Dimensional Data},
  year={2005},
  issn = {1550-4786},
  pages={250--257},
  doi = {10.1109/ICDM.2005.5},
  URL = {https://doi.ieeecomputersociety.org/10.1109/ICDM.2005.5},
  publisher = {IEEE Computer Society},
  address = {Los Alamitos, CA, USA},
  month = {nov}
}
@article{10.14778/1687627.1687770,
	author = {M\"{u}ller, Emmanuel and G\"{u}nnemann, Stephan and Assent, Ira and Seidl, Thomas},
	title = {Evaluating Clustering in Subspace Projections of High Dimensional Data},
	year = {2009},
	issue_date = {August 2009},
	publisher = {VLDB Endowment},
	volume = {2},
	number = {1},
	issn = {2150-8097},
	url = {https://doi.org/10.14778/1687627.1687770},
	doi = {10.14778/1687627.1687770},
	journal = {Proc. VLDB Endow.},
	month = {aug},
	pages = {1270–1281},
	numpages = {12}
}
@article{10.1109/TKDE.2006.106,
	author = {Patrikainen, Anne and Meila, Marina},
	title = {Comparing Subspace Clusterings},
	year = {2006},
	issue_date = {July 2006},
	publisher = {IEEE Educational Activities Department},
	address = {USA},
	volume = {18},
	number = {7},
	issn = {1041-4347},
	url = {https://doi.org/10.1109/TKDE.2006.106},
	doi = {10.1109/TKDE.2006.106},
	journal = {IEEE Trans. on Knowl. and Data Eng.},
	month = {jul},
	pages = {902–916},
	numpages = {15},
	keywords = {feature selection, projected clustering, cluster validation., distance, Subspace clustering}
}
@InProceedings{10.1145/2063576.2063774,
	author = {G\"{u}nnemann, Stephan and F\"{a}rber, Ines and M\"{u}ller, Emmanuel and Assent, Ira and Seidl, Thomas},
	title = {External Evaluation Measures for Subspace Clustering},
	year = {2011},
	isbn = {9781450307178},
	publisher = {Association for Computing Machinery},
	address = {New York, NY, USA},
	url = {https://doi.org/10.1145/2063576.2063774},
	doi = {10.1145/2063576.2063774},
	booktitle = {Proceedings of the 20th ACM International Conference on Information and Knowledge Management},
	pages = {1363–1372},
	numpages = {10},
	keywords = {high dimensional data, subspace clustering, data mining, projected clustering, evaluation},
	location = {Glasgow, Scotland, UK},
	series = {CIKM '11}
}
@article{Novikov2019,
	doi         = {10.21105/joss.01230},
	url         = {https://doi.org/10.21105/joss.01230},
	year        = 2019,
	month       = {apr},
	publisher   = {The Open Journal},
	volume      = {4},
	number      = {36},
	pages       = {1230},
	author      = {Andrei Novikov},
	title       = {{PyClustering}: Data Mining Library},
	journal     = {Journal of Open Source Software}
}
@article{10.1145/276305.276314,
	author = {Agrawal, Rakesh and Gehrke, Johannes and Gunopulos, Dimitrios and Raghavan, Prabhakar},
	title = {Automatic Subspace Clustering of High Dimensional Data for Data Mining Applications},
	year = {1998},
	issue_date = {June 1998},
	publisher = {Association for Computing Machinery},
	address = {New York, NY, USA},
	volume = {27},
	number = {2},
	issn = {0163-5808},
	url = {https://doi.org/10.1145/276305.276314},
	doi = {10.1145/276305.276314},
	journal = {SIGMOD Rec.},
	month = {jun},
	pages = {94–105},
	numpages = {12}
}
@inproceedings{DBLP:conf/sdm/NageshGC01,
	author    = {Harsha S. Nagesh and
	Sanjay Goil and
	Alok N. Choudhary},
	editor    = {Vipin Kumar and
	Robert L. Grossman},
	title     = {Adaptive Grids for Clustering Massive Data Sets},
	booktitle = {Proceedings of the First {SIAM} International Conference on Data Mining,
	{SDM} 2001, Chicago, IL, USA, April 5-7, 2001},
	pages     = {1--17},
	publisher = {{SIAM}},
	year      = {2001},
	url       = {https://doi.org/10.1137/1.9781611972719.7},
	doi       = {10.1137/1.9781611972719.7},
	timestamp = {Wed, 17 May 2017 14:24:53 +0200},
	biburl    = {https://dblp.org/rec/conf/sdm/NageshGC01.bib},
	bibsource = {dblp computer science bibliography, https://dblp.org}
}
@inproceedings{10.5555/3001460.3001507,
	author = {Ester, Martin and Kriegel, Hans-Peter and Sander, J\"{o}rg and Xu, Xiaowei},
	title = {A Density-Based Algorithm for Discovering Clusters in Large Spatial Databases with Noise},
	year = {1996},
	publisher = {AAAI Press},
	pages = {226–231},
	numpages = {6},
	keywords = {arbitrary shape of clusters, efficiency on large spatial databases, clustering algorithms, handling nlj4-275oise},
	location = {Portland, Oregon},
	series = {KDD'96}
}
@article{10.1145/304181.304188,
	author = {Aggarwal, Charu C. and Wolf, Joel L. and Yu, Philip S. and Procopiuc, Cecilia and Park, Jong Soo},
	title = {Fast Algorithms for Projected Clustering},
	year = {1999},
	issue_date = {June 1999},
	publisher = {Association for Computing Machinery},
	address = {New York, NY, USA},
	volume = {28},
	number = {2},
	issn = {0163-5808},
	url = {https://doi.org/10.1145/304181.304188},
	doi = {10.1145/304181.304188},
	month = {jun},
	pages = {61–72},
	numpages = {12}
}
@inproceedings{10.1145/312129.312199,
	author = {Cheng, Chun-Hung and Fu, Ada Waichee and Zhang, Yi},
	title = {Entropy-Based Subspace Clustering for Mining Numerical Data},
	year = {1999},
	isbn = {1581131437},
	publisher = {Association for Computing Machinery},
	address = {New York, NY, USA},
	url = {https://doi.org/10.1145/312129.312199},
	doi = {10.1145/312129.312199},
	booktitle = {Proceedings of the Fifth ACM SIGKDD International Conference on Knowledge Discovery and Data Mining},
	pages = {84–93},
	numpages = {10},
	location = {San Diego, California, USA},
	series = {KDD '99}
}
@INPROCEEDINGS{4053068,
	author={Moise, Gabriela and Sander, Jorg and Ester, Martin},
	booktitle={Sixth International Conference on Data Mining (ICDM'06)}, 
	title={P3C: A Robust Projected Clustering Algorithm}, 
	year={2006},
	volume={},
	number={},
	pages={414-425},
	doi={10.1109/ICDM.2006.123}
}
@INPROCEEDINGS {10.1109/ICDE.2002.994771,
	author = {W. Wang and H. Wang and J. Yang and P. Yu},
	booktitle = {Proceedings 18th International Conference on Data Engineering},
	title = {d-Clusters: Capturing Subspace Correlation in a Large Data Set},
	year = {2002},
	volume = {},
	issn = {},
	pages = {0517},
	keywords = {clustering;collaborative filtering;bio-informatics;microarray analysis;incomplete data analysis},
	doi = {10.1109/ICDE.2002.994771},
	url = {https://doi.ieeecomputersociety.org/10.1109/ICDE.2002.994771},
	publisher = {IEEE Computer Society},
	address = {Los Alamitos, CA, USA},
	month = {mar}
}
@INPROCEEDINGS {10.1109/ICDM.2003.1250928,
	author = {J. Pei and P. S. Yu and H. Wang and M. Cho and X. Zhang},
	booktitle = {2013 IEEE 13th International Conference on Data Mining},
	title = {MaPle: A Fast Algorithm for Maximal Pattern-based Clustering},
	year = {2003},
	volume = {},
	issn = {},
	pages = {259},
	keywords = {null},
	doi = {10.1109/ICDM.2003.1250928},
	url = {https://doi.ieeecomputersociety.org/10.1109/ICDM.2003.1250928},
	publisher = {IEEE Computer Society},
	address = {Los Alamitos, CA, USA},
	month = {nov}
}
@INPROCEEDINGS {10.1109/ICDM.2003.1250919,
	author = {W. Wang and J. Liu},
	booktitle = {2013 IEEE 13th International Conference on Data Mining},
	title = {OP-Cluster: Clustering by Tendency in High Dimensional Space},
	year = {2003},
	volume = {},
	issn = {},
	pages = {187},
	keywords = {null},
	doi = {10.1109/ICDM.2003.1250919},
	url = {https://doi.ieeecomputersociety.org/10.1109/ICDM.2003.1250919},
	publisher = {IEEE Computer Society},
	address = {Los Alamitos, CA, USA},
	month = {nov}
}
@inproceedings{10.1145/342009.335383,
	author = {Aggarwal, Charu C. and Yu, Philip S.},
	title = {Finding Generalized Projected Clusters in High Dimensional Spaces},
	year = {2000},
	isbn = {1581132174},
	publisher = {Association for Computing Machinery},
	address = {New York, NY, USA},
	url = {https://doi.org/10.1145/342009.335383},
	doi = {10.1145/342009.335383},
	booktitle = {Proceedings of the 2000 ACM SIGMOD International Conference on Management of Data},
	pages = {70–81},
	numpages = {12},
	location = {Dallas, Texas, USA},
	series = {SIGMOD '00}
}
@inproceedings{DBLP:conf/ssdbm/AchtertBKKZ07,
	author    = {Elke Achtert and
	Christian B{\"{o}}hm and
	Hans{-}Peter Kriegel and
	Peer Kr{\"{o}}ger and
	Arthur Zimek},
	title     = {On Exploring Complex Relationships of Correlation Clusters},
	booktitle = {19th International Conference on Scientific and Statistical Database
	Management, {SSDBM} 2007, 9-11 July 2007, Banff, Canada, Proceedings},
	pages     = {7},
	publisher = {{IEEE} Computer Society},
	year      = {2007},
	url       = {https://doi.org/10.1109/SSDBM.2007.21},
	doi       = {10.1109/SSDBM.2007.21},
	timestamp = {Wed, 16 Oct 2019 14:14:53 +0200},
	biburl    = {https://dblp.org/rec/conf/ssdbm/AchtertBKKZ07.bib},
	bibsource = {dblp computer science bibliography, https://dblp.org}
}
@inproceedings{DBLP:conf/sdm/AchtertBDKZ08,
	author    = {Elke Achtert and
	Christian B{\"{o}}hm and
	J{\"{o}}rn David and
	Peer Kr{\"{o}}ger and
	Arthur Zimek},
	title     = {Robust Clustering in Arbitrarily Oriented Subspaces},
	booktitle = {Proceedings of the {SIAM} International Conference on Data Mining,
	{SDM} 2008, April 24-26, 2008, Atlanta, Georgia, {USA}},
	pages     = {763--774},
	publisher = {{SIAM}},
	year      = {2008},
	url       = {https://doi.org/10.1137/1.9781611972788.69},
	doi       = {10.1137/1.9781611972788.69},
	timestamp = {Sat, 24 Nov 2018 11:59:41 +0100},
	biburl    = {https://dblp.org/rec/conf/sdm/AchtertBDKZ08.bib},
	bibsource = {dblp computer science bibliography, https://dblp.org}
}
@inproceedings{DBLP:conf/sdm/AchtertBKKZ07,
	author    = {Elke Achtert and
	Christian B{\"{o}}hm and
	Hans{-}Peter Kriegel and
	Peer Kr{\"{o}}ger and
	Arthur Zimek},
	title     = {Robust, Complete, and Efficient Correlation Clustering},
	booktitle = {Proceedings of the Seventh {SIAM} International Conference on Data
	Mining, April 26-28, 2007, Minneapolis, Minnesota, {USA}},
	pages     = {413--418},
	publisher = {{SIAM}},
	year      = {2007},
	url       = {https://doi.org/10.1137/1.9781611972771.37},
	doi       = {10.1137/1.9781611972771.37},
	timestamp = {Sat, 24 Nov 2018 11:59:41 +0100},
	biburl    = {https://dblp.org/rec/conf/sdm/AchtertBKKZ07.bib},
	bibsource = {dblp computer science bibliography, https://dblp.org}
}
@inproceedings{DBLP:conf/icdm/BohmKKK04,
	author    = {Christian B{\"{o}}hm and
	Karin Kailing and
	Hans{-}Peter Kriegel and
	Peer Kr{\"{o}}ger},
	title     = {Density Connected Clustering with Local Subspace Preferences},
	booktitle = {Proceedings of the 4th {IEEE} International Conference on Data Mining
	{(ICDM} 2004), 1-4 November 2004, Brighton, {UK}},
	pages     = {27--34},
	publisher = {{IEEE} Computer Society},
	year      = {2004},
	url       = {https://doi.org/10.1109/ICDM.2004.10087},
	doi       = {10.1109/ICDM.2004.10087},
	timestamp = {Wed, 16 Oct 2019 14:14:51 +0200},
	biburl    = {https://dblp.org/rec/conf/icdm/BohmKKK04.bib},
	bibsource = {dblp computer science bibliography, https://dblp.org}
}
@Article{RePEc:bla:jorssb:v:66:y:2004:i:4:p:815-849,
	author={Jerome H. Friedman and Jacqueline J. Meulman},
	title={Clustering objects on subsets of attributes},
	journal={Journal of the Royal Statistical Society Series B},
	year=2004,
	volume={66},
	number={4},
	pages={815-849},
	month={November},
	keywords={},
	doi={10.1111/j.1467-9868.2004.},
	url={https://ideas.repec.org/a/bla/jorssb/v66y2004i4p815-849.html}
}
@misc{Dua:2019 ,
	author = "Dua, Dheeru and Graff, Casey",
	year = "2017",
	title = "{UCI} Machine Learning Repository",
	url = "http://archive.ics.uci.edu/ml",
	institution = "University of California, Irvine, School of Information and Computer Sciences" 
} 
